<?xml version="1.0" encoding="UTF-8"?>
<collection xmlns:xsi="http://www.w3.org/2001/XMLSchema-instance" xsi:schemaLocation="http://www.loc.gov/MARC21/slim http://www.loc.gov/standards/marcxml/schema/MARC21slim.xsd" xmlns="http://www.loc.gov/MARC21/slim">
<record>
  <leader>00672cam a2200205 a 4500</leader>
  <controlfield tag="001">3352238</controlfield>
  <controlfield tag="003">NNC</controlfield>
  <controlfield tag="005">20050119113021.0</controlfield>
  <controlfield tag="008">851223s1952    ua a          000 0 ara d</controlfield>
  <datafield tag="035" ind1=" " ind2=" ">
    <subfield code="a">(OCoLC)ocm12950839</subfield>
  </datafield>
  <datafield tag="035" ind1=" " ind2=" ">
    <subfield code="9">AVA9416CU</subfield>
  </datafield>
  <datafield tag="035" ind1=" " ind2=" ">
    <subfield code="a">(NNC)3352238</subfield>
  </datafield>
  <datafield tag="040" ind1=" " ind2=" ">
    <subfield code="a">DGU</subfield>
    <subfield code="c">DGU</subfield>
    <subfield code="d">CGU</subfield>
    <subfield code="d">NNC</subfield>
  </datafield>
  <datafield tag="100" ind1="1" ind2=" ">
    <subfield code="a">Rihani, Ameen Fares,</subfield>
    <subfield code="d">1876-1940.</subfield>
  </datafield>
  <datafield tag="245" ind1="1" ind2="3">
    <subfield code="a">al-Maghrib al-Aqṣá :</subfield>
    <subfield code="b">riḥlah fī minṭaqat al-ḥimāyah al-Isbāniyāh /</subfield>
    <subfield code="c">Amīn al-Rīḥānī.</subfield>
  </datafield>
  <datafield tag="260" ind1=" " ind2=" ">
    <subfield code="a">Miṣr :</subfield>
    <subfield code="b">Dār al-Maʻārif,</subfield>
    <subfield code="c">1952.</subfield>
  </datafield>
  <datafield tag="300" ind1=" " ind2=" ">
    <subfield code="a">683 p. :</subfield>
    <subfield code="b">ill. ;</subfield>
    <subfield code="c">23 cm.</subfield>
  </datafield>
  <datafield tag="651" ind1=" " ind2="0">
    <subfield code="a">Africa, North</subfield>
    <subfield code="x">Description and travel.</subfield>
  </datafield>
  <datafield tag="651" ind1=" " ind2="0">
    <subfield code="a">Morocco</subfield>
    <subfield code="x">Description and travel.</subfield>
  </datafield>
  <datafield tag="955" ind1=" " ind2=" ">
    <subfield code="b">CU56811772</subfield>
    <subfield code="d">off,glx</subfield>
    <subfield code="e">964 R44</subfield>
  </datafield>
</record>
</collection>